1111121211111111121111111111021111111111112121111110000000000000000000000000000000000000000000000000000000000000000000001010101100101010000000000001001101011111
1111010011111111100110111100110111111011010101111100000000000000000000000000000000000000000000000000000000000000000000000100100010100100000000000000010001000000
1011111201111011111111111111111101111111111110111110000000000000000000000000000000000000000000000000000000000000000000000010001010010001010000000000000100101010
2101101111111111101110111111033333333301010111111200001000000000000000000000000000000000000000000000000000000000000000000000010010001000000000000000101000000101
0111110110101011110110133330000331011111111011012000000100000000000000000000000000000000000000000000000000000000000000000001000100100001010000100000000110010010
1111111111031110112333000000031011110110111101102100000110000000000000000000000000000000000000000000000000000000000000000010000010000100001000000000000001001001
2110111133311111332000000000311111011111111111111121121100000000000000000000000000000000000000000000000000000000000000000000010001001000100001010010000000000010
1111133330010332000000000031111011111111111101111212110000000000000000000000000000000000000000000000000000000000000000000000001000010000010010001000000000010101
1133003111231000000000112121212221010110101020111122211001001121121121121000000112112112000000000000000000000000000000000000010010000101000100010100000010000001
3000321133000000000000210101221223111111111111112212122000002111010101113300000210101223300000000000000000000000000000000000000000010000100000000000000010010100
0003013300000000000000110101212133111101111110111222221210000201011010123300002201012233000000000000000000000000000000000000000000000010011011010000000001001010
0230330000000000000002201022020230111111111011111212122212000110101010123200001110122330000000000000000000000000000000000000000100001001000000101000000010000000
3033000000000000000031201111212231110111111101112122121221200121010110112300012010123300000000000000000000000000000000000000000001000000001010000000000000000000
2300000000000000000301211012102202311110111111111212112122110020101010102300111011233000000000000000000000000000000000000000000100100000010000100000000000000000
0000000000000000003012101032032333101111111111201121000021210011011011012300111102233000000000000000000000000000000000000000000001000000100000010000000000000000
0000000000000000022011101220312311010111011011011010000000020021101001002202201012330000000000000000000000000000000000000000000100000110000010000000000000000000
0000000000000000231112011101002311111011101101111110000000000002001010102231010023310000000000000000000000000000000000000000000001010000000001000000000000000000
0000000000000000311112001010012121121211211211212111111101111112010001000212101123121111110000000111111111111111111111111112120101112112121000100000101010010010
0000000000000003001112010000123201101011220210101111112230221102000100100220000233201101122300001111111011112111110232010101233300201101023300000110010100101001
0000000000000003111121000100023320000000231120020000022300110032100000001210012233220000023300010100000000002000000232000000233000220000033300000001100000010000
0000000000000030113310010000123220001000231120020000023300220023200100100000012330100000022300120000000000002100002232000012332001100001022300001000010010000100
0000000000000300133020000000023100000000231200120000023000210023200000000000023301200000112300100000111111102000002332000002330002200000012300000100000000100000
0000000000000311300010000000113200200000231200220000123000120023100000000000323301000000002300100000212212221000002332000002330002000000012310000000001000000000
0000000000003013000020000000233100200000222100210000223000100223220000000000233012000000002300200000212121322000002321000002330021000000001320000001000001001000
0000000000003130000010000000233200200000122200200000233000100233220000000002332010011000001300100000000001222000002310000022320020010000002330000000000000000001
0000000000102300000100000000233200200000013200200000232001200233010000000012330100021000002301100000000000120000021220000022300200021000002330000000000100000000
0000000000033000000100000000231100110000021100100000230002200232010000000023300200122000002301000000000000020000000000000023300200222000002330000000000000001000
0000000001033000000100000000132000220000022002200000130001200130010000000013301100232000002312000000000000010000000000000023302100231000002330000000002000100000
0000000000030000000100000001232002220000021002100000230001002230120000000223001002221000002232000000000000020000000000000013302002222000002330000000023000000000
0000000010230000000200000002331002320000022002000002330001002330210001000233010000000000002231000000000000220000022200000123320000000000002230000000033000000000
0000000010300000001100000002332002310000002002000002330012002330110010100233020000000000002232000000000000220000113200000233110000000000002230000000033100001000
0000000000300000001000000002312002320000001001000002310012002320100002000232100000000000000130122222200000200000233100000233100000000000000132000000033300100010
0000000110200000001000000001320002310000000012000002300012001300121020000130200222222000000221113333100000100000233200000233200222222000000233000000110300000000
0000000100000000001000000002310022321000000022000001211210002300220200201231000233332000000122121212200000200000233100000131000233332000000133000000300300000000
0000000100000000002000000022320023221000000022000000000000023302100001002232002233331100000210000000000002100000132200000222002233331000000233000000300300000000
0000000100000000010000000023220023122000000021000000000000023201022010002310002330001000000220000000000002100000231000002220002330002000000233000000300300000000
0000000100000100010000000022200023012000000022100000000000223002220200002210001300001000000220000000000022000000132000002210001330001000000233000000220210000000
0000000100000000122222222222122223012122222213212222222222233012212222222222222300012222222212222222222221222222212222222222222330012222222223100000020030000000
0000001010000000122222222322322223112222222233133222322333330012232222222222222300012222222322222222232323222222322222222222222330022222223223300000030030000000
0000000100000000323233232223222322211323223223111322222220000002222222222222222210002222222222222222222202222222222222222222222210000212121121110003020030000000
0000001010000000000002111111011011111113000003111010000000000000000000000000000000000000000000000000000000000000000000010000000001000000000000000003010030000000
0000000101001000000000301011111011101030000003101110000000000000000000000000000000000000000000000000000000000000000000000100001000000001000000000003000030000000
0000000101000000000000311111111111111130000003110110000000000000000000022322333200000000000023232322000000000000000000000013330010010000000000000001000013000000
0000000101011000000000031101111101111300000003101010000000000000000000322333100000010000000023311000010000000000000000010103333000000000000100000030000003000000
0000000101010000000000001010111111101300000002011110000000000000000000000033312320121210000003310000231111111111110231000003233101000000200000010030000003000000
0000003010101000000000002110111011111310000000311000000000000000011000000023322322222121100003310111122211010110010131010123133100000011330000000030000003000000
0000003010101000000000000221111110111300000000311110000000000000011210000123222322121222211122321122320101111111101121100032013211211200333000010030000002000000
0000001010101000000000000003110111111310000000031010000000000000002212001223221322232132312113333321132132131031231131000122123310022310310010000200200000200000
0000000201010100000000000000311011011300000000003110000000000000000222100123222331232211221113221111131131132322232031212331000330231000310000000300200000300000
0000000101010100000000000000032101110110000000000330000000000000000000001213221321131232111112211110132122031310313030002322333330310000300000010300300000300000
0000000030101010000000000000000301101130000000000002300000000000000000000023211321131311121211312101030030030302103020003332231030320030310000000300200000300000
0000000003010101000000000000000003311013000000000001333320000000000331000003222111111112121003100000010000010002102010003111000023013110000101001000000000300000
0000000000301010100000000000000000013300100000023320000000000000000030030003000012111010110002000000000000000000000000001000000003000000000000003000000000300000
0000000000030101010000000000000000000000221332000000000000003331000033300330000000000202100002000000000000000000000000001000000000000000000010003000000000110000
0000000000003301010000000000000000000003310000000000000000000030033003130003200000000000000000000000000000000000000000000000000000000000000100103000000000030101
0000000000000003311010000000000000332000000000000000000000000003000023003000030000000000000000000000000000000000000000001000000000000000000000000000000000030000
0000000000000000003333321012333330000000000000000000000000300330200023000200001300000000000000000000000000000000000000100000000000000000010000030000000000030001
0000000000000000000000122311000000000000000000000000000003000003300003000200000030000023000000000000000000000000000000000000000000000000000100030000000000030000
0000000000000000000000000000000000000000002331000000000030000000200000000020230003023100000000000000000000000000000000000001000000000000001001030003000000030001
0000000000000000000000000000000000000000033000002330003200000000000000002000002203000000000000000000000000000000000010010000000000000000000000100003000000030010
0000000000000000000000000000000000000000030000000001230000000000000000000000000330000000000000000000000000000000000000000000000000000000000101300001000000020000
0000000000000000000000000000000000000000020200000000300000000000000000000000000023000000000000000000000000000000000000000000000000000000000100300000000000021001
0000000000000000000000000000000000000000010000000023000000000000000000000000000000300010100000000000000000000000000000000000000000000000000000300000000000001000
0000000000000000000000000000000000000000000020000300000000000000000010001000000000023030300000000000000000000000000000000000000000000000000003000000000000003000
0000000000000000000000000000000000000000000010031000000000000000111010110100000000000330300000000000000000000000000000000000000000000000000003010000000000003000
0000000000000000000000000000000000000000000013000000000000000000001010101001000000000002300000000000000000000000000000000000000000000000000003010020000000003001
0000000000000000000000000000000000000000000030000000000000000001101010101010000000000000030000000000000000010000000000000000000000000000000010000030000000003000
0000000000000000000000000000000000000000020300000100000000000000000101010000000000000000002000000000000000000000000000000000000000000000000030100010000000003000
0000000000000000000000000000000000000000031200022000000000000000001000010000000000002300003000000000000000000000000000000000000000000000000030100000000000003000
0000000000000000000000000000000000000000003000330000000000000000000000000000000000000233300300000000000000000000000000000000000000000000000000100000000000003000
1000000000000000000000000000000000000001030030300000000000000000000000000000000000000003032200000000000000000000000000000000000000000000000000100000000000003000
0000000000000000000000000000000000000101130330000000000000000000000000000000000000000000300310000000000000000000000000000000000000000000000301100100000000003000
0000000000000000000000000000000001011010202300000000000000000000000000000000000000000000031230000000000000000000000000000000000000000000000301100200000000003100
0000000000000000000000000010011100000101333000000000000000000000000000000000100000000000003130000000000000000000000000000000000000000000000001000200000000003200
0000000000000000000000000000000000010101323000000000000000000000000000000000100000000000000300000000000000000000000000000000000000000000003012000000000000003300
0000000000000000000000000000000000101010030000000000000000000000000000000200000000000000000100000000000000000000000000000000000000000000003011000000000000002300
1000000000010000000000000000000101010100300000000000000000000000000000000300020100200000000000000000000000000000000000000000000000000000000012000000000000002300
1011111111000000001001000001011010100000300010000000000000000000000000000100020000000101000100000000000000000000000000000000000000000000030011001000000000001300
1010000001011111101010111101010010000000310000000000000000000000002000000110010030020010000100000000000000000000000000000000000000000000030111003000000000000300
1010111101010000101010100101010100000000300300000000000000100310003000000100011000002011000300000000000000000000000000000000000000000000110111001000000000000300
1010100101010110101010101010100000000000302100001000000001000200012000000231010113003013100200000000000000000000000000000000000000000000300110000000000000000300
1010101010101010101010101010000000000000313000010000233010003110032000000230031033000103200300000000000000000000000000000000000000000000301110000000000000000300
1010101010101010101010100000000000000000303000010033332300001000022000000331011333300200310330000000000000000000000000000000000000000000301110000000000000000300
1010101010101010101031000000000000000000323100100000113310133100312000000330313300100310310221300000000000000000000000000000000000000001001110010000000000000300
1010101010101010103100000000000000000000333000100010312001311001113101000231133033000101231222230000000000000000000000000000000000001003001010030000000000000300
1010101010101010320000000000001000000000133101030103113113330131103010002133333112011013233221213003233320000000000000000000000000000003010100020000000000000300
1010101010101013000000000001000000000000032010320131132332301311003100012133233301303112232222222220000000333000000000000332000000000010001100000000000000000300
1010101010100310000000010000000000000000110310320331233230333300010011031132023301313032132212212300000000000330000000200323000000000030010100000000000000000300
1010101010103000000001100000000000000011010101313131130030000330031101313330300303311122222222223000000000000003000003330133000000001030111000000000000000000300
1010101010230000000110000000000000010100101331133201210030030033303003102223200002232312212121230000000000000000130003231023000000000020011100200000000000000300
1010101013000000011000000000000010101011010213021311100031220001301211000023300030202322222222300000000000000000003000333033000000000300110100000000000000000300
1010101230000001100000000000111010101010102000200311100011130000013110000031000020100131221231000000000000000000000300032033000000000301111000000000000000000300
1010211310000101000000010110100101010101013101200221000003200002311000000000000201010002332000000000000000000000000020003333000000001101111000000000000000000300
1021123000001010000010101010101010101010103000000031100000000000100000000002200331010000000000000000000000000310010010003332000000003001110002000000000000000300
1211131000101000001010101010101010101010133100000031100023321000000000000000000230100000000000000000000000000003320003003333300000003012111002000000000000000300
2112300000100001010101010101010101010101322000000033110000000000000031000000003230100000000000000000000000000000033300303332220000000012111000000000000000000300
1213100101000101010101010101010101010103232100000032110000000000000020000000103303010000000000000011101000100000003030323322130000030113101000000000000000000300
2130010101101010101010101010101010101333231000000003311000100000000120001000003213101101000000001010010110010000000303033331230000030112020000000000000000000300
1311010101010101010101010101010102332232330100000003231100000010010000000000033333301010000001101010101010101001000031232232230000020110310030000000000000000300
2310101010101010101011001233333332323323220100000000223100000000000000000010323220230101111101010101010101010110000003222332220000300111210000000000000000000300
3010101010101010101233331112323232322323230100000000332310001000003003100003223233223010000101010101010101010101000003122222122000303101110000000000000000000300
1101010101010102331112121113232323232323221010000000132331000000300000000033213233322311110101010101101233320010110000321222223001303111010000000000000000000300
1010101010103311121211112133223232323222221100000000032223310001000000003322223201322231010101001333203222000133101000312212123003012101100200000000000000000300
1010101010331121111121211223232322221221221101000000003323231000000100033232122332321222333333332300000322200322230100022222221203011111100200000000000000000300
1010101013112112121111112323232222122222223101000000000323230310000002332322222100222212222222213000000222303222223300032122222323113131100000000000000000000300
1010100312121111211212123232322222221212223010100000000033233103110131323221213110022221213221221000003221303212122131032223322230111312100000000000000000000300
1010121211111211121111112322322121222222123010100100000000032310323212232222223111122122223222230000032222331222212223022213312231111212002000000000000000000300
1010311121212112111212133232322222212122223101010000000000003230131313232212213323312221222322300001122121222221222212331223332221111112001000000000000000000300
1013121111111121121111232323121212222221222010101111000000003232112112322222133032222222232231300000322223213222212222232221332311111111000000000000000000000300
1031112121212111211212323232222222121222122310101001010000003232302033222122232321222212133233000012212212223121222121222212332311111111000000000000000000000300
1312121111211211112111133333221221222212222301010101010100000323233123212221333222232222232321000222222122123222222222222222323111131111020000000000000000000300
3211111212311121211121133331032222221222212211010001010000000322322322222123202222322212232331003221222222223212121212212121333112121111010000000000000000000300
2112121112121111121111313330111312122212222230101001011000000032322322122313323223322222323210032212213221221322222222222222223211111110000000000000000000000300
1111112231112121211203113230100133221222121220101010000110000030002222223202232233212122323210322222222222122322122121212122231111121110000000000000000000001300
2121213312111111111131001310001010322212222223010101001000000003103233103232232331222221323103221221232122222212222222222221231211133110300000000000000000003300
1211131311212121211303232100000001031222122122301010000101000002112012313332233322212222230132222222322212221232212121221222311312123110000000000000000000003200
2112311121111211102013322320000000113222221221231010100001000000332223233233322212222123231322121212222223222232222222122212312311121100000000000000000000003110
1213113211211121112112222222300000101312122223230101000000000000323232333122121222212223303212222322321222322231212122221222211312111100000000000000000000003000
2031013112112111030132321222123000000132222122213010100000000000022232222222223222222123132222213222222222221232222221222223212311111102000000000000000000003000
1311113211121110311133222212221230000103221221232301010000000000033122121212232221212223323221223321321223212232221222212123121302111101000000000000000000003000
3111013112111201011132321222122213200011322222223230101100000000032221222222222222222133232222232322222222222133222212222222112332111000000000000000000000003000
1011103121121013111223222212222222230000131212222223010010010000012122221221322121222232322212332222121322122232322222121231211211111000000000000000000000003001
1101113211111102111332331222212121212300013222123222311010002000002222122222222222212133232222233222222222222332323222222222121213111020000000000000000000003000
1110113112121130111323222321222222221230010321222222233010000300002212221222212121222232323222323212122222121323232322122321121113111000000000000000000000003000
2011123121111031111322322213221212222213011032222331212301100020001222122212222222212232322322232222222221222332322232222312112113110000000000000000000000003000
1111012211120031011332322222222222121222230103212222222230010030002212221222121221222232323223232121232222222322323232223111021213110200000000000000000000003001
1101111312111221111323232321222222222212223010322233213223100003011222222212222222212232332323232222222121212332232323123111011112110100000000000000000000012000
1111111311211211010323222232212212312222122311231222233222330003032221212222121212222132323232321213221222222323232322231112023112320000000000000000000000031001
1011110131111211111332222232221222223122212232132123231212233000032122222121222222122233323232322222122221221323232233231111331111101000000000000000000000030000
1110111122120111111323222223222212122222222123303222232222122300333221212333221222212232232323212122222122222323223223311111231111103000000000000000000000030000
1111111112211021111323222222231222221221212221231321322212222230323322223313312212222232333232222221212221223232323322311111111111100000000000000000000000030000
1110111111311130111223222122232221222222222122223032322222212133312232123223222221212323333332121222222122213332322323121112111111000000000000000000000000030000
1111110110031131010123232222222222212121221322122303232221222223122233232233222222222323333312222212212222123223323233121111131111010000100000000000000000030000
1111001002113111010132322121222321222222222222221232233222221233322122333321223222123232333322222222122212222333232331121121131111010000000000000000000000030000
2223321110111233112132322222121222221222121223222222323222122232322233133233321222222333333221212122221222222322323231121311131110000000010000000000000000130000
2212212333111113200132232122222222222232222212322212232322222122312332233322122212132323331222222221222212132323323211123111131110200000000000000000000000220000
2222222222233210331033222221212122222123122222232321222221212221322312333232221222233213332212122122212222233222332311111111131310300000000000000000000000300000
2212121221222223111132332222222222212222321212123232222322222122223322323223222212131233322222221221222122132322323311111111123100000000000000000000000000300000
2222222122212122232133223221212121222212232222222323223222122222122322322312331222222223132122122222212222223222223121121111111102000000010000000000000000300001
2121212221222222223332323222222222212221213222122132323323221212223333312232233222322223222222221221222121323212233111231111111103000000000000000000000000300000
2222222222212121212333232312212212222122222232222223232322222222322212222222223222221332322121222212222222332222331212131111111000000000010000000000000000301010
2212121212222222221233232232221222122221222222212222323232312223222222121222122232122322222222212222121222223212322121131131101020000000000000000000000001300000
2222222221212121222323323232122212221222212223222122232323232232222212222122221213323223221221222122222212322222321111121311111030000000000000000000000003000101
2212121222222223232323232322222222122212221222322221223232323232221222122221222222323323122222212221212223231213213212122110121000000000000000000000000003000000
2222222212122232322323323232321212221222122222223222223322323321222212221222121221233232222121222122222123232223121121111111130100000000000000000000000003000000
2121212222323232232323322323222222222212221212222222212232323122212222122212223232332322212222212222122213222133110112111111110300000000000000000000000003000001
2222221323232323232322332322322122121222122222223323222232322221222122221222323232332232222122222212221232312231110121111111110100000000000000000000000003000000
2212132232232232323233323232323221222212222121221332221223322222212221222223232323323222122221212222122232222331113311111111102000000000000000000000000022000000
2222323232323232232323323223222222212222212222212232322222321212222122212232232232323222221222221212221223221311112211112111103000000000000000000000000030100000
2223223223232323232232332323233232221221222122122223232222232222122221232232323233232322122212122222122222223211111111121111100000000000000000000000000030000000
2232323232322323223332332323223222222122212222222122323222232212221222222323232323232222221222222122222222213111111111121132030000000000000000000000000030000010
3232232323232322323223233232323232222221222121212222232321331222122222222322323233232221222212212221212222232111113111121311030000000000000000000000000030000000
3232323223223232322332332232232323221222212222222121223222322222221222223232332332323222212222122222222222231111113111122111000000000000000000000000000030000000
3232322323232232323223223323232323232212122121212222212332321212122222232323232323232212222122221212122221311111113113111210300000000000000000000000000200000100
3223232322323232233323233232322322322222222222222122122223312222222123223333323323222222122212122222222222313121113132121110000000000000000000000000000300000000
3232232323232323232232323232232323232312121221221222222232322212212323233312222322332212221222222122122223123112123311111110000000000000000000000000000300000000
3232323232322322323232232323232232323222222212222212121223321222222232232222223232222222212221221222221222113131112111121103000020000000000000000000000300000000
3232322322323232332323232332323232232322221222121222222212322212223233222212213232332121222122222212122231123312121212111100000002000000000000000000000300000000
3223232323232323232323223323232323232323122212222212212222132232232333222322233232322222222221212222222311111121121111131030000000200000000000000000001200000000
3232323232232232323223232332323223223232312222121222122122223323232322322323332323222212121222222122121311121112111211131020000000020000000000000000003000000000
3232232232323232332323232233223223232323222122222212222221213232323212222232232323222222222212122221223111113111221121111000000000003000000000000000003000000000
3223232323232323223232232323232222323223232212121222212122222323232222122333332323222121221222221222231111110211131211210200000000000200000000000000003000000000
3232323232232233232323232323323222232323222222222212222221222233223222232333323323222222222212212212330311110112131121110000000000000020000000000000003000000000
3232322323223223323223223233232212223232323212121222121222212223222323233213322232321212121222222221311001111111131312112000000000000003000000000000030000000000
3232232323232333223232323223232222222322322322222212222212221222213332323313233023222222222212121223110111113211133111200000000000000000200000000000030000000000
3223232322323222323232323232323212122232323222121222122122122222333233333303233022221221221222222233113111112111121121130000000000000000000000000000030000000000
3232323232322333232322322323322222222223232322222212222222221212232233230002301033222212222212212231112201111111111112000010000000000000000000000000020000000000
3232322323232332322323232322333222121222322322212222121212122222122232300003011032212222121222221311111111111111121211300010000000000000000000000000310000000000
3232232322323232323232323232232322222222232232221212222222222122223332300000033232222122222212123111111111111111111110100101000000000000000000000000300000000000
3223232323222332323223223232323221221212223232322222212212212221222323300000322332222221212222231112112111111111211123000010100000000000000000000000300000000000
3232323232332232232322323223232322212222122323221221222222222122212223300000232232221222222122232311213111131111211200000010110100000000000000000000200000000000
3232323223223232322323232323223221222122222232232122212121212222222233300003323232222121212222321212120111121111303130001001010000000000000000000003000100000010
3232232323232323232323232322323222222221212223232221222222222212121213300001123222222222222123121011220111101111132100000200101100000000000000000003000010101000
3223232232323323232323223232322322121222222222222222212212212332222223000021131232212122122231212021120311203111221300000010010010100000000000000003000000001000
3232323232232332232232323223232322222121212122232221222221222303123223000022100322222222221312121312122112221111111000000000010101000000000000000022000000100100
3232232323232323232322322323232322122222222212122222212122222203232230000031100322212121223111211212121121111111113000000012001010100000000000000030000000001001
3223232232323323232323232323223232212212121222222221222221221203003130000101100322222222231222112121112112121121120000000000001010010000000000000030000010000000
3232323232232332322323232322323222221222222212121222212222122200000000001101110032122122311111112212121121231112130000000000000001001000000000000310000000010001
3232323223232323232322323232322332222212212222222121222122220000000100011101100022221223112311112112121211111211300000000000010001010100000000000300000000000000
3232232323232332232323223223232232221222122121212222222212330000000300121131100122222231211011231121221212211121100000000000002010100010000000003300000000000001
3223232232323223232232323232323232222212222222222121221222200000003001120001101332121311111221121112102121321213000000000000000100010100100000003000000000000000
3232323232232323232323232323223232321222121212212222223223000000000011120002103333223112111111113121202121213220000000000000000000001001000000003000000000100000
3232322323232323223232232232323223222212222221222122122033000100000111110002100333131111111211111121232212331130000120000000000000000100010000032000000000000000
3223232323223232323223232322322323222222121222212222232201001110001110100033000333311131112101111112222121221300000100000000000000000010000000030000000000000000
3232323223232232232323223232323232322122222212222212333131221210000120002111000231121211110111121211212111123000000102000000000000001001010000130000000000000001
3232232323232323232322323232232323232221212222121222333332311300000100003112100312311211130110111121221121210000011010000010000000000000100000300000000000000000
3223232232323232322323232323232232222222222122222212122223133100002210002131231111111311111111311112111211130000001021000010000000000001000000300000000000000000
3232323232232232232323232232323232332212212212121222221223300030000110003231311211111211121110011211311112300000001000120001000000000000010003300000000000000000
3232232323232323232232323232232323223222122222222221222230000002000300001132121111111111111113112121321213000000000111100000100000000000000003000000000000001000
3232322322323232323232232323232232322222221223232122212100000000002000033111131111110111121113121112302130000110000011012001000000000000010033000000000000000000
3323232323223223223223232232323232323312222233332221232000000001000000211221311221111111111112111111111100001010000010101000110000000000000030000000000000000000
3232232323232323232323223232232322323222122323321222330000000000000000312221312111113111211111112111111300001111010011011200101000000000000330000000000000010000
3323232232323232323232323232323232322322223233222213320100000000000000002122211111111111111213111111113000001101000001010000010000000000000300000000000000000000
3232323232232232232322323223232232232322233332121333300111111100000000002221112311111113121131111111210001101011100001101100010100000000003300000000000000000000
3223223223232323232232322323223232323232332321223333303111111100000000003213111211131111111112111111200000101110100000110103010100000000003000000000000000000001
3232323232323232323232323232323232323233323222223323233111211100000000003221111211211111121211121122000000200111110000010101001010000000033000000000000000100000
3232323232323223223232232323232323223223332212233333333111311100000010003121212111011111111312111300000000210101010000011010210101000000030000000000000000000010
3223232333332323232323232322322322323232322223333233333131031000000011033221211111222112112111213000000020010111101000010101000010100000330000000000001000000000
3232232333333332322322323232323233322323222333323333233311111000000021022132211111211311121121310000000011030010111000001011000100100000300000000000000000000000
3323232323333333232323232232233333232323233333333333332000110000000113022322231111111212112133000011000000011011010100001101000010101003200000000100000000010000
1233332322323233323232333333333333232322333333333333300000000000010323321212222121112212123300001111100012010101111000000101010001010003000000000000000100000000
1111133333232323223223233333333332323233333333333333000000000000013322222322212111111111320000111010100001003101011100000101000000101031000000000000010000000000
1110111113333232323232333333332323233333333233323300000000000001111222223222122201111330000011101111210001001111101010000010100001001330000000000000000000000000
1111111032232333323232223232323232333333323332333000000000000010131232222122221211132000001111111111110001200100111110000010101000100300000000000000000000000001
1110111332323232233333232323232333333333333333332132301000100112321232232222211230000000211111111011010000100311101011000001010000103233000000000001000000010000
1011113232322323223223333333333232232232232323233332133100000121111232222211320000000000111110111111121001110110111010000001001000013223300000000100000000000000
1111123232232323232323232323232323232323232323233223000010000213121111123302000001110000112111110111110000120011101101100000100000132221231000000000000000000000
1111123223232322323232232232323232323223232231221223330100000113131112000001011111110000101111011110111000110011110110100000010100322122223300000000000000000000
1100322323232232322323232323223223223232322222222213111100000122311113001111111111110000111111111111111001110010101010100000010003322221212230000000000000000000
1013232323232323232323223232322322222222221212122333221200000112111111111121111111110000111101111110110100112101011101010000000033212222222123300000000000000000
2122323232323232323223232322323221221212222222222000232110010111111213211111111111110000111211110111111101101001101010101000001032222121222222230000000000000000
1133232322322322322323232232323222222223212122131102132120110112111121211110211111110000111111111111011100111100101101010000000322122222212121223100000000100000
1323232232323232232323223232322222121222222221331121332121210133112111111112111101100000110110111011110100110200110101010000003212221212222222221330000000000000
3232232323232323232322323232233212222222212122122122233111111131101111111112111111100000011101101110111000011100101010101000032222122222121221222223001000001000
3323232323223233232232323223231222122132222222321221213212111121013111111111111111100000111121111111101120101030010101001000323212221212222222122122300000000000
3232323232323323223232322323232212222222121222132122231121121110001111111111111101100000101111101010111010011010010100100103222322222222122122221222233000000000
3232232232323232323232232323221222212322222212223213012121111110001111110111011111100000101111111111101100010100001010101331222232121222221221222221223300001000
3232323232233232323223323232322221222212121222212123021212121110011133111111111011000000101101010101011010001012001010003322212123222212122222122122212330000000
3232232323332322322322322323212122222222222212221213302121112110001110011101201111100000101112111101101100001010000100132212222221312222222122221221222233000001
3223232233223232323232323222222221222221221222121213202212211110000002111111111101000000000101010110110101001010000012322222121222222121212221222222212213000000
3232323232323223232323232332221222232122222222231121101213321210000001310101110111100000001011011010101010001010000033221212222212122222222122212122222223300010
3232323332323232322323223222222212222221212122132210022323312111000000011111011101100000000110201011010101010001003322122222122122221212212221222221212121300000
3232233223232323232322323232121222221222222222223213322122221211100000101011110110100000001010110101010101001010332222221222222222122222222122221222222222220000
3223232323223223223232323222222213222121221212221323322231212312110001011101011011000000000101010101010010101133222121222212121212221221212222122212122122130010
3232332322323232323232323221212231212222122222132123222132123132111000110110110110000000000010101010101000233222212222212222222222122222222212221222221222220000
3233323232323232232232232222222132222122221222232121222231212311321000111011011011000000000010101010000233222212222122122121221222221212121222122221222212223001
3232322323232232323232323221212221222212122212132222221221212122112100311010101010000000000010010123333222221222122222222222212212122222222212222122212222123000
3323232323223232323223231212222322121222221222232221322221212121223101121233333322101111223333333222222122122212221212121212222222222122212222122221222122222200
